@inproceedings{anderson1998steganographic,
  title={The steganographic file system},
  author={Anderson, Ross and Needham, Roger and Shamir, Adi},
  booktitle={International Workshop on Information Hiding},
  pages={73--82},
  year={1998},
  organization={Springer}
}

@inproceedings{mcdonald1999stegfs,
  title={{StegFS}: A steganographic file system for {Linux}},
  author={McDonald, Andrew D and Kuhn, Markus G},
  booktitle={International Workshop on Information Hiding},
  pages={463--477},
  year={1999},
  organization={Springer}
}

@misc{stegfsDev,
  author = {{Stegfs Development Team }}, 
  title = {{Stegfs}},
  howpublished = {\url{albinoloverats.net/projects/stegfs}}
}

@misc{hackfs,
  author = {Gupta, Yash and Gray, Matthew and Raizes, Justin and Hockel, Emily}, 
  title = {{Hackfs}},
  howpublished = {\url{https://github.com/Yash3667/HackStuff/blob/master/HackFS}}
}
